@book{burden2016numerical,
  title     = {Numerical Analysis},
  author    = {Richard L. Burden and J. Douglas Faires and Annette M. Burden},
  edition   = {10th},
  year      = {2016},
  publisher = {Cengage Learning},
  address   = {Boston, MA},
  isbn      = {9781305253667}
}